2138 3802
92 160 171 238 '108
241 164 517 259 Joruuzs
561 160 841 239 N1couu1

88 280 261 392 potuisset.
309 279 407 353 Hinc
427 278 660 371 Hebraeorum
679 278 847 351 dodorus
867 272 947 387 ploni

89 376 294 478 rmpossibile
311 395 454 473 putant,
477 374 644 473 ejusmodi
661 372 778 448 casum
797 372 951 466 dar1,uti

88 474 179 555 bene
196 494 313 547 monet
329 474 375 545 cl.
387 472 575 565 Buxrorffius
584 478 616 541 in
626 473 774 564 drusum.
785 472 830 541 de
841 472 951 543 bomiri·

89 572 141 645 dio
152 565 225 640 e'dit.
236 573 328 662 Bastl.
345 570 452 669 1663.
468 570 556 641 hunc
566 568 791 663 quaestionem
805 590 953 643 movent.

87 670 126 745 Si
136 687 231 766 pater
251 667 363 741 filium
384 668 545 765 castigare
564 665 708 755 volens,
730 663 953 761 praetersurm
1001 733 1003 759 p

89 784 242 839 mentem
263 765 300 837 &
318 764 544 838 intentionem
555 761 724 843 lethaliter
740 786 826 835 eum
847 784 956 859 percu·

90 862 181 946 tiat‚·
193 882 234 933 ut
244 860 428 951 moriatur,
451 858 535 958 quid
553 856 747 935 faciendum
767 858 917 957 reliquis
925 858 958 931 fi·

91 958 173 1031 liis?
196 958 276 1048 lili,
303 957 505 1052 respondet,
528 954 655 1029 debent
673 954 745 1051 ejus
761 952 849 1028 faeti
863 955 959 1041 ultio·

91 1079 173 1135 nero
195 1056 276 1131 Deo
292 1057 329 1131 ὃ(
343 1051 566 1154 ¹Magistratui
584 1052 829 1142 committere,
854 1076 960 1151 neque

90 1150 228 1251 ipsimet
246 1174 365 1226 contra
382 1177 462 1226 eum
481 1208 490 1235 ,
520 1150 578 1221 vel
595 1147 715 1237 fauo,
748 1147 808 1223 vel
828 1148 963 1223 astione-

79 1242 245 1325 .iustituta
263 1249 446 1346 insurgere.
470 1246 568 1318 Hinc
587 1248 623 1318 &
642 1243 959 1330 Hebraeiscribunt.

89 1369 164 1422 non
175 1364 369 1441 competere
380 1345 460 1417 filiis
478 1344 545 1419 hoc
563 1341 599 1414 in
616 1341 762 1511 casupus
781 1342 958 1417 vindicum

91 1440 265 1538 sanguinis
279 1460 398 1517 contra
408 1459 604 1538 parentem,
626 1458 698 1535 quo
731 1437 806 1521 aliis
819 1439 958 1539 propiu-

92 1537 171 1637 quis
189 1538 238 1635 est
255 1536 464 1627 concessum,
520 1562 584 1605 um.
595 1560 707 1609 xxxv.
732 1560 789 1632 ¹9·
810 1537 958 1611 Maimo·

91 1636 167 1717 nid,
186 1635 222 1709 in
247 1646 390 1719 :uum
413 1646 503 1718 run
529 1644 734 1731 new-§-
754 1654 812 1727 15·
832 1634 957 1707 R·Be-

91 1733 170 1808 chai
185 1734 227 1805 ad
246 1735 350 1805 Exod.
365 1758 438 1807 xxt.
456 1731 597 1817 scribit,
630 1730 673 1803 de
694 1731 761 1801 hoc
785 1729 865 1803 casu
884 1730 957 1807 nul·
993 1792 996 1799 .

89 1833 160 1905 lam
171 1830 348 1927 specialem
369 1830 482 1928 legem
499 1829 565 1903 css'e
580 1830 682 1901 latam
696 1827 787 1899 inter
798 1826 909 1901 varias
918 1826 956 1900 do

92 1926 288 2025 homicidiis
306 1927 399 2039 leges
418 1982 427 2010 ,
460 1934 536 2021 quia
552 1929 647 2017 resstr
660 1925 776 2017 insolita
795 1930 836 2003 d*
858 1936 956 1999 contro

91 2043 261 2111 naturam,
285 2045 322 2091 ut
337 2045 404 2101 ram
424 2025 555 2092 crudelis
571 2028 736 2116 reperiatur
747 2041 838 2118 pater
862 2079 872 2107 ,
906 2024 956 2119 qui

92 2122 172 2195 velit
178 2120 285 2213 filium
294 2120 388 2212 fisum
404 2120 545 2191 occidere.
595 2118 695 2193 Hinc
715 2116 809 2192 rest&
831 2124 956 2195 Diodor.

91 2220 190 2293 Sicul.
210 2214 265 2288 lib.
285 2240 336 2287 ιν.
354 2214 490 2291 scribit:
517 2221 652 2287 Nullum
663 2238 781 2311 patrem
799 2216 838 2287 de
855 2216 959 2289 liberis

85 2317 147 2410 fha
154 2315 439 2412 spontefhpplicium
447 2317 587 2409 firmere,
608 2317 665 2405 nist
676 2314 889 2411 magnitudine
905 2314 957 2385 de!

90 2414 158 2483 lius·
161 2414 298 2508 fhperent
306 2414 477 2485 naturalem
488 2432 649 2509 parentum
666 2434 737 2508 erga
749 2414 864 2505 prolem
872 2414 957 2501 stram

91 2517 245 2579 umorem.¹
282 2508 358 2604 Jam
381 2527 497 2587 autem
516 2528 875 2607 parentumamorem
893 2510 956 2583 alia

91 2604 207 2677 omnia
231 2606 387 2704 superare
410 2602 504 2687 testis
525 2607 574 2699 est
598 2604 785 2703 Scriptura.
834 2606 958 2681 Testes

87 2700 190 2774 etiam
211 2700 290 2775 sunt
310 2702 444 2800 profani
461 2702 673 2801 Scriptores,
698 2726 848 2799 quorum
865 2702 957 2777 testi-

91 2795 208 2872 monia
228 2799 396 2873 adducere
424 2799 460 2875 su
487 2823 715 2874 ervacaneum
737 2799 956 2897 judicamus,

91 2917 173 2970 cum
190 2895 398 2991 experientia
417 2897 427 2968 i
455 2825 486 2973 si
504 2896 595 2971 testis
610 2895 662 2969 srt.
711 2892 811 2993 Ergo
833 2896 958 2995 proba..

92 2992 184 3083 bile,
208 2996 267 3066 vix
286 2992 356 3064 dari
379 2922 503 3085 eosdm.

138 3088 202 3179 xl.
230 3092 281 3165 Sit
299 3110 442 3183 tumeo,
465 3089 536 3165 dari
557 3088 720 3187 ejusmodi
739 3089 884 3176 cusum,
920 3112 961 3269 ug

870 3213 938 3287 apu
