2138 3802
201 174 252 238 ne
268 167 473 240 'Senonum
494 140 784 259 AEovtdionvu.
836 178 930 265 ³·1o'9

70 296 85 353 ,“
101 283 151 363 ud
174 295 341 370 Romanos,
372 295 484 361 Grecos
500 290 536 362 &
554 288 725 383 ufgypt'ios
740 283 862 385 saepiut
881 286 932 362 fa·

70 308 159 455 dum
181 385 383 479 conjicimus
407 409 451 459 ex
474 382 610 482 legibus
629 381 715 456 datis
739 409 751 470 3
783 402 932 461 attamen

70 480 125 551 tix
150 481 322 554 calculum
349 483 528 581 adjicimus
558 479 698 553 illorum
733 478 934 567 sententiae,

70 574 315 660 intuentium,
349 578 579 653 homicidium
605 574 672 649 hoc
697 600 767 649 non
790 579 935 677 capitale

70 674 151 765 effe,
178 674 233 747 vel
257 673 454 748 leviffirnam
479 672 603 748 mereri
628 698 804 772 poenam,
863 676 944 751 uod

70 768 283 868 {epientior'es
308 769 467 845 Gentiles
487 772 589 846 etiam
608 792 792 869 negarunt.
887 798 936 848 on

70 868 197 940 uecess'e
211 867 404 965 judicamus
421 892 596 943 recurrere
605 866 648 941 a'd
664 864 936 962 distiudtionem,

70 988 172 1061 quam
191 964 330 1062 quidam
352 964 483 1039 fuciunt
504 966 595 1038 inter
616 972 749 1062 patrem
770 987 867 1041 extra
887 969 938 1041 ci-

70 1061 207 1135 vitatem
219 1062 444 1135 constitutum
463 1064 499 1137 δι
520 1061 815 1149 inmanitatem
840 1064 939 1138 Prio-

70 1158 270 1248 tilicuiss'e‚
294 1158 475 1256 posteriori
497 1183 592 1251 non,
616 1158 807 1233 afferentes.
846 1161 940 1260 Qus

70 1252 208 1354 negabit
222 1258 315 1354 quod
339 1255 544 1330 Paniarchae
561 1280 632 1329 non
651 1276 748 1329 extra
763 1254 938 1331 civitatem

71 1353 220 1425 vixerint
246 1410 256 1443 ,
288 1351 492 1450 &quilibet
512 1372 608 1450 pater
630 1350 735 1457 instar
754 1354 844 1452 regis
863 1351 940 1428 fue·

71 1448 141 1523 rit?
165 1472 236 1520 non
254 1471 367 1522 autem
387 1450 561 1549 legimus,
583 1450 678 1549 quod
696 1462 851 1621 unquam
869 1449 939 1525 hoc

70 1546 122 1643 jus
139 1546 378 1630 exercuerint,
401 1550 503 1619 etiam
523 1547 688 1623 insontes
706 1570 749 1622 ve
783 1548 884 1620 etiam
900 1550 938 1621 in

71 1640 197 1724 servos,
208 1642 321 1715 multo
333 1642 583 1716 minueliberos
594 1640 734 1731 :Rtste'
744 1638 829 1743 eigo
839 1643 941 1717 sentit

71 1742 107 1815 &
119 1738 256 1838 judicat
266 1738 312 1811 cl.
323 1734 453 1835 johann.
465 1740 594 1812 Henricl
607 1740 790 1839 Heidlgger.
801 1744 943 1811 Exercit.

74 1860 109 1911 ι.
129 1848 160 1922 §.
183 1849 240 1934 30.
259 1834 362 1924 histor.
381 1834 555 1919 Patriarch.
567 1858 638 1935 pag.
657 1860 701 1909 m.
717 1838 776 1935 36.
798 1835 941 1913 Sanetus

71 1932 283 2013 Putriat'chas
301 1956 372 2005 non
388 1932 490 2033 eg'iss'e
508 1956 606 2007 more
624 1931 838 2009 barbararum
854 1957 940 2035 gen·

71 2032 182 2122 tium,
204 2030 259 2103 sed
271 2029 385 2127 potius
397 2026 529 2104 nature
541 2029 578 2103 &
592 2030 732 2104 rationis
741 2030 939 2130 praescripto

71 2128 342 2225 obtemperass'e',
365 2127 543 2212 &efferim
567 2127 791 2227 impunenon
811 2128 940 2226 potuis-

72 2226 109 2299 se
124 2225 282 2299 occidere
298 2223 425 2316 servos,
437 2222 675 2299 multominus
688 2224 834 2310 liberos,
857 2227 939 2324 quia

72 2321 371 2396 nemohominem
391 2322 547 2395 occidere
562 2322 699 2421 posset‘,
724 2322 785 2395 nisi
807 2324 834 2394 is
848 2322 940 2421 capi-

74 2419 123 2493 tal
136 2417 361 2493 commifisset.
412 2418 552 2491 Deinde
570 2442 614 2491 ne
632 2418 773 2517 quidem
795 2443 870 2490 reos
889 2420 942 2490 vi·

74 2517 204 2591 dentur
223 2516 371 2591 Domini
393 2515 518 2610 privati
540 2512 674 2588 afficere
697 2515 758 2615 sup
783 2514 864 2589 licio
879 2540 943 2617 po-

74 2612 180 2689 tuiffe
200 2672 210 2701 ,
233 2614 324 2713 'quia
348 2612 538 2687 dominium
557 2612 728 2710 priuatum
751 2541 944 2712 ddbjedtum

74 2710 144 2786 fuit
162 2714 199 2786 &
218 2709 387 2784 inclusum
408 2708 560 2805 publico.
585 2709 679 2783 Nam
691 2708 747 2784 lex
759 2710 816 2783 illa
826 2712 944 2785 inseri·

74 2807 330 2908 ptahominum
343 2805 524 2891 cordibus,
543 2806 665 2904 &post
685 2809 855 2885 diluvium
867 2811 946 2892 lata,

76 2904 426 2997 denonefflindendo
444 2902 780 3001 hominissanguine,
798 2902 948 2983 liberi&

76 3000 167 3075 servi
192 3002 425 3077 conditionem
455 3024 525 3075 non
549 3000 736 3101 distinguit.
784 3004 893 3104 Qiod
922 2998 948 3075 fi

79 3098 260 3176 Dominus
281 3101 424 3200 impune
444 3098 602 3198 injuriam
622 3097 733 3194 facere
754 3101 865 3196 potest
882 3099 949 3173 ser-

128 3214 132 3222 ·
164 3234 166 3239 ·
879 3220 950 3287 vo,
