2138 3802
103 194 157 271 '62'
244 192 527 287 Jununns
571 185 848 267 Necnon

102 317 205 385 ricum
222 307 308 388 salso
327 308 459 383 delatus
480 304 687 404 supplicium
709 306 834 406 pulsus.
866 314 981 408 Apetei

101 407 297 508 depinxite
325 402 420 502 regii
444 403 650 479 calumniam
673 461 688 493 ,
717 404 773 481 sed
795 431 865 505 qua
880 433 979 482 occa·

35 546 38 551 ·
101 504 197 580 fionc
214 505 282 578 hoc
299 430 422 575 secent
437 506 740 593 narratLucianns.
765 503 909 601 Apelles
928 505 978 578 ina

101 600 326 677 simulabatur
343 596 617 694 conjurationis,
640 620 719 696 quo:
740 597 776 673 in
793 601 885 676 urbe
898 604 976 707 Tyro
1006 632 1008 685 i

99 699 243 773 audiere
259 696 410 768 Theodoto
429 691 518 766 salla
531 712 633 767 erat:
664 719 746 769 cum
770 716 886 772 tamen
913 724 982 775 nec·
1006 696 1008 703 ’

99 795 249 884 urbem,
273 817 337 867 nec
356 789 546 865 Audiorem
567 815 722 889 unquam
734 791 885 869 vidisset.-
910 796 975 875 Sed

100 892 285 990 Antiphilus
308 893 421 986 Apellis
447 888 565 983 gratiae
588 887 728 962 &artis
755 891 903 966 aemulus
932 896 974 968 ita

99 1015 182 1063 eum
204 984 478 1062 calumniabatur
505 985 542 1058 lic
567 1008 632 1080 pro
653 1005 750 1058 certo
765 987 973 1084 testabatur,

96 1087 268 1161 sevidisse
287 1088 426 1182 Apellem
454 1105 535 1155 cum
562 1081 630 1154 hoc
658 1080 811 1153 Theodoto
834 1083 975 1163 crebros

96 1186 227 1284 agitare
245 1182 446 1269 sermones,
476 1177 656 1274 multaque
678 1178 716 1252 in
745 1205 864 1255 aurem
882 1183 974 1259 insu-

95 1280 250 1357 surrass'e.
298 1278 392 1370 Qtae
426 1300 478 1348 res
510 1272 736 1370 suspicionem
771 1277 974 1357 clandestini

98 1377 232 1453 consilii
249 1369 427 1446 manifest&
448 1371 574 1467 arguit.
608 1374 780 1445 Ptolomeus
791 1398 877 1448 cum
895 1377 974 1454 aliie

97 1475 175 1549 satis
192 1470 296 1545 animi
318 1490 461 1565 compos
480 1466 562 1539 ess'et
581 1520 593 1561 ,
625 1465 689 1542 hac
704 1473 975 1569 tamenalsentn·

97 1571 195 1646 tione
212 1565 414 1665 Tyrannica
430 1562 582 1656 fndus,
605 1560 691 1638 adeo
701 1568 913 1663 excanduit,
935 1593 994 1659 ut,

95 1669 212 1743 statim
231 1668 268 1739 in
288 1666 425 1760 Apellem
444 1660 551 1735 vellet
572 1661 877 1757 animadvertere,‚·
909 1694 975 1746 nec

122 1767 192 1841 rius
203 1759 438 1851 confidcrare,
460 1783 505 1832 an
522 1781 601 1833 reus
618 1759 687 1833 hoc
697 1759 783 1834 vitio
794 1763 975 1858 poss'etum

94 1792 178 1939 Ecm
204 1861 246 1934 ad
269 1856 471 1932 seditionem
495 1856 533 1929 δι
555 1856 729 1931 occultam
752 1859 973 1941 molitionem

95 1957 321 2045 adducere&
334 1951 546 2049 persuadere.
569 1953 710 2052 Apelles
728 1958 973 2052 quoquehanc

95 2054 324 2151 suspicionem
350 2045 462 2121 luillct
484 2049 626 2159 capite,
660 2048 722 2122 nili
751 2052 894 2149 quidam
926 2084 972 2134 ex

95 2149 307 2250 conjuratis,
329 2144 391 2243 qui
405 2143 532 2242 captivi
550 2145 755 2221 tenebantur
773 2204 783 2233 ,
817 2155 973 2247 graviter

94 2248 226 2327 tulillet
240 2245 333 2318 illam
348 2241 568 2316 calumniam.
617 2241 747 2317 Libera
759 2245 973 2331 consessione

93 2349 238 2423 testatur
248 2344 386 2437 Apellem
397 2336 708 2413 innocentiffimum
724 2342 857 2427 essm&
868 2350 971 2442 quic.

123 2444 181 2518 uid
193 2439 345 2515 delatum
359 2436 440 2508 esset
457 2437 581 2533 Regi,
602 2436 724 2511 dolum
736 2438 971 2541 ess'eAntiphill

92 2470 227 2616 ducere
247 2536 330 2608 huic
352 2532 486 2605 homini
506 2532 703 2607 insidiantis.
726 2532 852 2623 Quare.
864 2545 969 2615 Ptolo.

91 2662 184 2714 meus
197 2631 313 2707 animo
324 2627 473 2702 collcclo
491 2628 579 2702 hanc
593 2628 741 2704 mutavit
750 2633 967 2729 sententiam,

91 2735 214 2811 decem
225 2728 352 2801 talenta
361 2724 507 2799 donavit
516 2731 631 2822 Apelli,
653 2727 757 2825 eique
767 2731 966 2826 Antiphilam

89 2825 376 2907 calumniatorem
394 2821 490 2895 dedit
507 2822 542 2895 in
563 2822 774 2899 servitutem.
805 2826 965 2921 Qtidam

89 2925 254 3014 addunt,
285 2921 425 3017 Regem
459 2916 712 2994 calumniatori
741 2921 964 3006 manifestum

91 3045 236 3133 quoque
249 3016 323 3101 doli
341 3040 382 3089 ac
400 3013 529 3089 fraudis
547 3013 617 3088 suae
637 3014 773 3113 signum
791 3019 827 3093 in
844 3018 963 3103 fronte

90 3111 352 3224 exunjuffiffe,
373 3112 471 3213 quod
488 3111 622 3214 duplici
644 3111 727 3193 CC.
750 3115 964 3290 notabatur,
1003 3170 1008 3175 -

431 3242 434 3249 “
880 3238 967 3293 too·
