2138 3788
221 179 509 255 nesmemro
531 180 822 269 AEcrrmouvtu
859 236 862 241 -
909 188 968 263 91·

88 304 222 381 vitre&
234 304 327 380 neeis
338 304 574 380 Dominorum
592 307 628 380 in
644 305 782 397 servos,
806 305 842 378 id
854 305 967 406 ipsum

87 402 278 574 dupliciter
295 403 443 500 intelligi
464 403 597 511 potest,
619 424 679 479 aut
699 401 970 500 supposita-Re·

88 525 138 600 pu
165 500 232 575 lica
250 502 287 575 &
305 500 585 574 ordinecivuatis
601 499 972 613 rigentibusquejpdi·

88 599 184 688 ciia,
214 618 276 671 aut
301 596 558 695 praescindendo
578 597 599 673 al
619 599 678 671 tali
704 597 805 672 statu.
855 601 972 679 Priori

89 697 202 771 modo
217 696 274 793 jus
294 695 376 767 vitae
401 694 438 768 &
468 696 561 773 necis
583 695 730 769 Domini
751 719 823 769 non
840 696 972 774 habent

89 794 129 867 in
146 792 290 866 servos:
314 789 500 865 Posteriori
520 812 634 866 autem
646 793 761 869 modo
779 819 851 867 non
872 795 973 870 vide.

93 909 153 964 tur
169 886 357 963 absurdum
375 888 505 972 dicere,
529 890 704 964 Dominus
719 889 843 966 habere
850 893 907 992 jus
917 893 972 966 vi-

93 1005 139 1061 tae
156 1011 198 1060 ac
218 985 310 1059 necis
331 986 366 1058 in
386 984 526 1070 servos,
556 984 642 1059 adeo
660 1007 703 1078 ut
724 987 747 1060 si
770 1013 805 1061 v.
821 1013 859 1086 g.
891 992 971 1067 Do·

93 1084 219 1158 minus.
232 1080 314 1156 ellet
332 1082 368 1155 in
386 1081 502 1155 Insula
522 1084 559 1157 ὃ(
580 1084 617 1156 in
634 1081 764 1157 familia
785 1085 843 1158 sua
865 1087 974 1165 aleret
1010 1098 1012 1106 '

93 1181 212 1255 servos
231 1235 240 1263 ‚
274 1181 384 1278 poll'ct
400 1179 559 1252 occidere
578 1180 635 1254 vel
654 1180 796 1278 perse,
831 1185 888 1256 vel
909 1208 974 1282 per

92 1278 190 1353 alios.
213 1276 348 1352 Verum
367 1299 532 1376 negamus
554 1276 622 1351 hoc
640 1278 765 1376 partim
790 1304 836 1353 ex
855 1281 975 1381 Scrip.

92 1396 196 1464 tura,
220 1375 344 1473 partim
362 1374 436 1446 aliis
457 1374 659 1448 rationibus.
707 1373 856 1455 Constat
876 1379 973 1455 enim

94 1476 201 1568 Genefi
213 1496 292 1546 xvi.
304 1472 338 1548 6.
357 1469 456 1568 quod·
474 1470 648 1546 Abraham
661 1469 827 1548 familiam
848 1500 975 1551 nume-

93 1568 207 1645 rosam
227 1569 322 1642 alens
335 1568 518 1666 Hagmem
535 1570 695 1643 ancillam
713 1571 973 1672 immorigeram

95 1692 170 1742 non
190 1666 382 1757 occiderit,
403 1664 460 1738 sed
481 1665 684 1762 expulerit,
716 1668 813 1765 quod
835 1688 974 1757 tamen,

92 1762 162 1839 hac
183 1760 366 1862 hypothefi
387 1759 519 1860 poma,
541 1760 653 1837 facere
673 1764 867 1861 potuill‘et,
889 1790 978 1863 cum·

96 1860 193 1936 reela
212 1861 298 1935 ratio
315 1857 376 1958 ipli
393 1856 558 1943 diclaret,
583 1859 757 1933 neminem
774 1862 975 1939 laedcuduni

96 1958 156 2033 v'el
176 1957 408 2032 occidendum
428 1954 567 2053 propria
585 1955 802 2033 aucloritate.
825 1959 894 2036 Vir
909 1960 976 2036 bo-

96 2080 165 2131 nuc
177 2055 221 2129 ad
240 2054 398 2154 injuriam
419 2052 660 2128 vindicandam
682 2055 823 2131 nonest
844 2058 976 2156 procli-

96 2154 165 2228 via.
186 2150 445 2250 Cogitatenim
470 2155 531 2244 (1)
556 2150 730 2226 Homines
747 2154 857 2227 malos
871 2154 975 2254 igno·

95 2248 302 2325 mutiaboni
319 2250 357 2322 &
375 2246 456 2321 mali
473 2247 650 2342 laborare,
673 2249 900 2351 caligantibus
911 2252 976 2325 ita-

96 2372 170 2448 que
188 2347 323 2444 aequior
340 2344 403 2418 cst.
437 2348 494 2436 (2)
528 2345 610 2419 Nos
629 2345 780 2444 ejusdcm
800 2346 976 2446 sanguinis

98 2445 169 2519 ell'e
187 2444 391 2543 participes,
412 2461 454 2514 ut
474 2444 623 2516 Latiam.
641 2441 697 2515 ub.
709 2467 759 2515 vt.
777 2442 879 2535 lustu.
897 2471 926 2518 c.
938 2471 975 2523 x.

98 2540 255 2616 testatur.
290 2543 346 2639 (3)
380 2539 512 2613 Eadem
534 2538 647 2613 anima
667 2564 732 2613 ceu
752 2534 977 2641 portiuncula

89 2639 215 2714 'divina
232 2639 409 2738 praeditos.
439 2637 497 2737 (4)
520 2635 713 2714 Neminem
733 2637 794 2712 nifi
814 2636 835 2713 a
852 2638 886 2714 se
901 2640 977 2739 ipso

99 2736 197 2828 laedi,
213 2737 257 2811 de
272 2759 342 2832 qua
352 2758 395 2808 re
413 2734 493 2807 vide
502 2739 608 2807 Max.
619 2736 751 2834 Tyrium
760 2738 904 2836 ingeniose
912 2740 978 2836 defi

88 2836 242 2931 serentem
254 2833 384 2931 Diffia.
412 2831 469 2928 (5)
494 2830 669 2906 Homines
682 2833 726 2907 ad
744 2855 883 2911 mutuas
891 2860 980 2936 ope.

95 2956 151 3006 ras
171 2950 269 3005 natos
278 2931 359 3023 ess'e,
372 2936 477 3002 Senec.
495 2931 517 2998 1.
534 2952 567 3001 1.
584 2956 614 3001 c.
631 2929 667 3004 8.
679 2931 795 3003 derra.
819 2931 920 3008 Hinc
931 2935 980 3009 ri-

97 3024 271 3129 gidiffima
288 3025 362 3101 haec
384 3026 622 3102 Domitiorum
641 3027 678 3102 in
696 3027 812 3103 servos
832 3030 981 3125 potestas

97 3125 199 3204 omni
214 3122 293 3224 Juri
311 3123 518 3201 adversatur.
544 3124 741 3226 Repugnat
752 3134 906 3201 communi
923 3153 984 3199 na·

908 3242 982 3301 turc
