2138 3802
194 209 249 262 nu
273 188 479 264 sarnaio
500 160 800 262 AEa‘rraortrni
868 194 942 293 ¹99

9 404 13 417 k
58 309 190 390 iconius
220 313 347 398 attulit.
403 308 861 420 eamearn-chirographo
879 341 935 393 ac.

59 433 154 511 cepta
172 431 306 485 tanturn
325 431 470 506 petuma
488 412 690 507 careretur,
717 434 930 507 numeratam

57 511 155 586 etiam
177 507 345 608 oportuit.
392 507 510 604 Atque
532 505 580 578 ita
595 507 704 598 olim,
731 506 865 607 postca,
889 531 931 586 ut

57 607 210 697 videtur,
227 629 327 703 arque
344 601 582 700 chirographis
601 628 671 676 non
683 627 862 679 numerata
873 604 936 682 cai

56 704 277 803 varicoepit,
300 716 339 777 att
357 701 658 809 syngraphae-Noa
670 722 784 783 tamen
797 702 941 791 hocin-⁶

54 802 97 875 de
112 801 370 898 explicandum.
463 871 466 883 ,
514 828 518 835 ·
680 872 683 883 ,

97 900 182 975 Vll.
207 894 517 996 Qemadmodum
541 895 635 971 enim
657 897 807 994 Apocba,
848 924 930 999 quae

56 994 284 1095 chirographo
302 991 360 1066 res
379 991 509 1081 undet,
531 991 627 1075 nulla
647 1015 739 1079 crat,
765 993 826 1081 nist
844 1022 925 1094 pro.

56 1095 192 1175 baretur
210 1091 334 1164 solutio
352 1018 439 1168 habia
456 1111 518 1184 per
539 1090 811 1171 numerationem
833 1147 844 1195 t
879 1096 929 1169 ita

55 1186 355 1286 chirographum,
385 1183 409 1255 sr
434 1184 637 1281 probaretur
662 1211 733 1261 non
751 1184 841 1263 fasta
861 1215 927 1263 nu·-

54 1284 303 1372 meratio,nihil
323 1280 468 1354 valebat.
491 1282 633 1380 Qrippe
654 1283 928 1380 quodnoncon-

55 1381 181 1457 fisteret
200 1441 210 1475 ‚
242 1380 302 1455 riisr
322 1399 500 1455 numerata
518 1381 663 1476 p'ccunia
680 1381 773 1454 esset.
827 1382 869 1455 N
871 1402 924 1458 arn

55 1479 121 1554 hoc
142 1482 185 1554 de
203 1479 343 1553 ess'entia
359 1476 605 1574 chirographi,
628 1477 714 1551 utin
726 1503 767 1553 co
780 1501 927 1567 tantum,

56 1603 132 1674 quae
144 1576 236 1677 gesta
247 1577 344 1659 sunt,
366 1597 407 1646 ut
425 1573 651 1668 ai't'Asconius,
676 1574 774 1647 scribi
788 1572 931 1654 {oleant}

55 1674 89 1749 Si
113 1675 226 1781 igitur·
242 1672 279 1745 in
307 1697 350 1743 co
376 1669 541 1741 scribatur
561 1673 705 1781 pecunia
724 1695 927 1767 numerata,
1051 1744 1055 1755 ,

55 1796 133 1868 quae
151 1795 223 1854 non
245 1758 422 1841 nunrerata
443 1763 506 1850 sat,
528 1765 690 1849 vitiosum
719 1765 927 1843 instrumen-

56 1883 130 1940 turn
153 1869 189 1941 bt
212 1866 360 1947 nullum.
407 1865 456 1935 At
480 1863 515 1934 in
541 1863 712 1965 Syagrapha
729 1865 821 1939 aliud
843 1864 924 1942 fuit.

54 1965 169 2039 Etiam
191 1965 227 2038 in
249 1963 312 2036 hac
333 1979 453 2033 contra
468 1958 573 2043 fidem
586 1957 737 2034 veritatis
748 1960 861 2060 pathin
872 1963 926 2037 in·

53 2061 214 2159 terposr'ta
241 2057 417 2157 obligabat
445 2055 673 2166 debitorem,
707 2059 743 2133 ὅ(
768 2062 927 2158 quamvis

54 2184 127 2232 non
151 2177 328 2238 numerata
347 2178 492 2255 pecunia
517 2177 581 2251 pro
611 2176 787 2229 numerata
809 2177 925 2232 tamen

54 2276 94 2329 ut
111 2255 314 2338 haberetur,
338 2251 428 2324 inter
445 2249 683 2324 contrahentes
703 2275 913 2329 convenerat

53 2354 111 2427 oui
130 2346 531 2427 conventionistandurn
553 2369 634 2429 crat.
653 2347 739 2422 Vid.
758 2311 932 2448 plurrditff
1020 2435 1023 2441 ¹

55 2451 181 2535 ferent.
199 2445 303 2548 Jacob.
321 2446 468 2518 ‘Ravardi
489 2451 657 2521 Commeat.
679 2445 717 2514 de
735 2448 851 2542 dwarf
865 2474 929 2549 reg,

48 2557 117 2639 jur,
126 2572 195 2645 pag.
210 2574 250 2617 m,
268 2567 331 2643 94.
343 2563 402 2642 95.
423 2542 496 2610 edit.
511 2547 668 2638 Antverp.
692 2541 800 2636 1568.
805 2542 929 2712 Julian.

60 2652 161 2739 Coras.
175 2647 310 2738 Miscell.
315 2651 385 2733 jur.
397 2635 449 2708 lib.
458 2661 486 2709 1.
498 2637 623 2734 cap.18.
629 2662 701 2738 pag.
715 2640 777 2712 61.
789 2667 805 2708 c
827 2646 862 2711 ir.
872 2638 929 2721 t‘ass

57 2743 114 2810 lon.
136 2747 266 2839 Agripp.
294 2738 401 2833 1581.
427 2734 550 2817 Testes
572 2736 608 2806 in
629 2761 668 2808 ea
691 2734 775 2811 subfi
804 2737 931 2816 trabant

57 2859 149 2922 tres,
174 2840 213 2909 'bt
234 2837 373 2935 utrique
392 2834 482 2931 parti
503 2832 666 2905 servanda
685 2761 895 2915 tradebatur.

103 2934 205 3010 Vllh
230 2934 305 3005 Has
324 2928 541 3030 Syrrgraphas
568 2953 640 3001 non
664 2924 776 3015 foliam
803 2933 932 3007 dediss'e

58 3030 204 3128 eosqui
233 3052 438 3103 commercra
465 3029 554 3100 inter
583 3024 616 3099 se
636 3024 838 3113 habebant,
875 3030 932 3102 scd

56 3130 158 3205 ctiam
179 3125 298 3219 ahoe,
331 3123 596 3200 itubamatorcs
619 3123 764 3296 clolnstat.
812 3125 936 3233 Hujus
1007 3190 1009 3195 .

163 3244 166 3249 ·
690 3241 716 3320 4
872 3223 937 3297 tci-
