2138 3802
151 76 161 109 l

164 160 236 237 104
293 135 564 232 Jonnnes
610 134 903 211 Niconnr

159 265 347 355 immensa,
370 264 424 339 vel
443 262 582 347 acerba,
605 258 661 337 se'd
680 261 778 339 finita
792 264 833 339 &
855 264 1034 342 moderate

160 365 226 437 elii:
238 362 355 447 debet,
380 386 483 458 quani
504 358 736 479 degrediatur
752 384 875 457 parens
887 362 1033 457 inhonesti

160 458 493 563 imdtyranm'cbagit,
515 456 588 529 inin
605 456 696 543 filio,
721 454 1032 535 fiadmodumvio.

159 559 269 631 lenter
278 556 411 651 egerit,
430 560 487 653 jus
504 553 680 627 resistendi
699 553 767 627 hoc
785 554 860 648 ipso
869 562 1033 639 concedit
1060 586 1063 629 ι

158 681 226 751 arg.
237 657 260 723 l.
273 675 333 749 45.
345 664 376 737 §.
388 676 424 749 4.
429 654 471 747 ff.
483 653 527 725 ad
535 657 580 724 L.
592 655 703 745 Aquil.
715 651 903 747 praesem'm
917 654 1029 731 finnl-

156 751 210 823 lus
228 750 331 822 detur
350 748 444 847 fngae
465 751 593 837 locus,
651 748 688 821 ui
710 747 735 819 fi
758 768 897 846 pateat,
923 750 1029 833 hone·

156 848 239 920 stius
257 847 322 919 crit
338 847 433 933 filio,
456 845 538 943 fuga
557 844 588 918 se
601 770 799 919 sdduoerc.
821 845 1028 943 Qarehnl·
1062 904 1064 947 ;

155 944 353 1017 lueinantur
383 942 516 1034 valde,
549 936 622 1015 inid
651 959 794 1038 peccant
815 942 1025 1037 statuentes,
1062 952 1064 963 '

153 1040 249 1137 quod
270 1038 295 1112 sl
316 1066 436 1139 parens
459 1040 571 1114 filium
596 1044 793 1137 ingratum,
816 1060 876 1113 aut
890 1040 1025 1121 sceleris
1062 1024 1065 1071 ³

152 1138 304 1235 capitalis
325 1165 421 1213 reum
440 1138 553 1211 adhue
574 1131 679 1209 hodie
694 1136 855 1233 privatim
874 1138 1023 1227 master,

152 1256 193 1307 ut
210 1236 398 1311 domestico
416 1236 530 1331 potius
545 1232 730 1329 exemplo,
753 1232 859 1330 qudtn
878 1235 1021 1331 publico

151 1352 291 1426 pereat,
315 1333 415 1427 hujus
426 1328 696 1427 indignationem
713 1330 769 1402 vel
782 1330 943 1417 minime,
965 1336 1020 1407 vel

149 1428 249 1523 plane
260 1426 354 1500 nulla
365 1451 469 1524 poena
484 1425 734 1514 coercendam,
758 1423 928 1521 fiquidem
943 1432 1014 1509 nul·

147 1526 288 1597 lustrem
306 1524 406 1622 jnstae
425 1520 668 1619 indignationis
695 1542 893 1617 praetextus¹
905 1524 1013 1607 afferri

102 1692 105 1699 .
147 1622 278 1718 potest,
301 1622 361 1719 qui
377 1642 507 1718 patrem
523 1617 566 1691 ab
584 1618 825 1703 interemtinne
849 1624 1010 1713 excuset,

147 1721 287 1816 quando
306 1744 349 1793 ne
361 1717 537 1817 justissima
556 1716 698 1815 quidem
714 1717 860 1813 parentis
878 1744 1012 1794 exacer-

146 1818 239 1891 batio
255 1814 303 1888 ob
319 1815 527 1889 adulterium
546 1814 610 1887 filii
624 1838 704 1886 curn
720 1837 868 1893 noverca
881 1816 977 1891 hunc
992 1816 1011 1891 d

147 1940 250 2008 poena
264 1912 445 1996 liberabat,
469 1912 525 1984 sed
541 1910 709 1983 referente
724 1916 893 1987 Marciano
901 1919 934 1981 in
945 1920 969 1988 l.
977 1938 1008 2011 5.

135 2014 180 2105 ff.
194 2012 237 2079 ad
248 2017 291 2079 L.
311 2018 440 2103 Pompej.
460 2011 498 2076 de
511 2008 662 2102 parricid.
683 2006 959 2104 deportationem
973 2014 1008 2085 in

145 2106 291 2180 insulam
302 2104 383 2177 huic
393 2102 599 2177 merebatur.
624 2103 747 2179 Manet
757 2104 1007 2201 igiturverum,

62 2266 65 2271 .
143 2202 337 2302 parentibus
349 2201 484 2275 nullum
497 2201 554 2298 jus
568 2200 649 2272 vitae
665 2201 701 2273 &
722 2203 812 2275 necis
830 2202 866 2274 in
884 2204 1011 2287 liberos·

24 2360 27 2365 .
138 2301 362 2389 'eoncess'um,
385 2299 542 2395 quamvis
559 2298 693 2368 Bidinus
706 2296 759 2381 nb.
776 2322 804 2369 1.
821 2299 859 2369 de
878 2302 1006 2395 Republ.

140 2428 192 2474 ιν.
213 2427 249 2474 n.
270 2420 330 2473 22.
352 2422 432 2469 cum
450 2395 523 2469 aliis
540 2394 609 2475 hnc
627 2392 724 2468 velit.
749 2393 893 2469 Confer.
909 2404 1007 2471 Paul.

137 2496 458 2593 Voet.pag.m.160.
567 2560 572 2571 ,
733 2538 737 2543 -
787 2545 791 2552 -

183 2594 285 2666 vul.
312 2590 428 2663 Facile
446 2592 562 2686 itaque
578 2612 623 2667 ex
638 2588 689 2665 his
702 2587 817 2663 elucet
829 2589 918 2688 quid
931 2592 1006 2675 [εει]τ

136 2693 290 2765 tiendum
311 2688 351 2759 fit
369 2688 412 2757 de
434 2686 511 2785 lege
529 2684 811 2785 AEgyptiorum,
842 2713 920 2785 quae
941 2691 1003 2765 sta.

136 2794 222 2878 inin,
255 2786 383 2857 caedern
400 2782 588 2857 liberorum
604 2782 891 2879 parentibusnon
906 2790 1000 2883 capi·

133 2890 233 2973 talem
254 2880 331 2953 eli'e.
365 2880 552 2953 Ass'eriinus
568 2880 683 2975 itaque
699 2898 827 2974 patrem
841 2883 1003 2957 occiden-

132 3012 199 3056 reni
220 2980 332 3051 filiuni
352 2974 528 3047 homicidii
548 3000 645 3047 reum
661 2974 749 3061 ess'e3
765 2976 870 3072 ¹Ergo
882 2980 1002 3075 &ejus

131 3105 254 3179 poene.
280 3071 519 3155 Confirmatur
534 3070 602 3160 hnc
620 3096 665 3147 ex
683 3070 797 3161 verbis
814 3074 1004 3161 Mainroni

945 3172 999 3255 dis
