2138 3802
84 163 140 266 ’84
233 140 508 264 Journal
546 166 862 245 ‘Nro·onn'r'*

88 305 206 383 poenae
227 308 321 359 reus.-
366 279 526 382 Agnovit
544 281 613 355 hoc
630 284 739 377 jobus
757 343 769 378 ,
818 272 854 358 ui
869 262 984 358 benia'

89 378 291 480 gniffimum
323 378 356 453 se
388 404 469 480 erga
504 377 618 453 servos
647 380 725 454 suos
760 406 804 459 ex
833 380 969 472 ibebatg

92 477 332 569 confiderem,
358 477 522 551 omnibus
542 476 740 551 horninibus
759 479 906 552 eandem
922 477 971 551 esa

91 575 128 651 se
145 575 317 675 originem
338 576 376 650 ἂ
396 598 500 649 unam
530 593 686 648 naturam
707 633 716 661 ,
750 575 798 648 ita
814 594 858 648 ut
872 575 974 648 diver

93 696 196 772 aeque
215 697 254 746 ac
274 697 436 772 pauper,
465 672 630 768 Princeps
650 697 691 744 ac
711 669 826 746 servus
845 690 893 746 ex
912 695 971 745 eoa

91 771 176 844 dem
196 768 273 844 luto
292 769 511 844 formentur:
532 766 605 841 vid.
621 762 690 866 Job.
707 791 774 865 cap.
786 792 892 842 xxxi.
918 788 972 863 ¹52

93 868 221 943 Ama.
235 869 296 942 26.
309 891 383 941 xrv.
400 889 457 965 ¹4·
483 865 847 965 Huicadstipulantur
864 865 973 938 sanio³

92 961 211 1039 nlores
218 963 394 1038 Gentiles.
418 961 602 1037 Macrobim
621 961 676 1034 lib.
694 987 722 1039 u.
735 966 974 1059 Saturnaelscap.

102 1085 158 1144 rr.
182 1059 362 1153 Auloni,
381 1062 518 1161 inquit,
541 1056 655 1158 servos
666 1060 703 1132 in
713 1059 895 1134 hominum
910 1074 975 1135 nu&

97 1182 197 1233 mero
214 1159 282 1234 ell'e
299 1184 371 1233 non
388 1157 512 1256 pateris
532 1157 549 1229 ?·
581 1157 675 1230 unde
702 1158 738 1232 in
762 1156 879 1231 servos
899 1177 977 1230 tans

96 1272 176 1330 tum
199 1258 238 1331 &
258 1276 328 1330 tam
345 1257 498 1329 immane
514 1252 708 1340 fastidium,
732 1252 827 1353 quasr
847 1278 922 1329 non
932 1277 978 1328 ex

98 1352 220 1429 iisdem
241 1352 305 1425 tibi
327 1356 364 1427 &
392 1348 552 1425 constent
574 1351 612 1425 &
632 1352 768 1425 alantur
791 1352 979 1445 alimentis,

99 1449 322 1546 eundemque
338 1447 495 1548 spirirum
514 1447 558 1520 ab
574 1447 696 1522 eodem
713 1448 888 1550 principio
903 1472 979 1524 cara

101 1546 210 1645 pant?
233 1547 298 1622 Vis
315 1567 355 1620 tu
373 1546 525 1645 cogitare
533 1569 612 1637 eos,
635 1569 723 1644 quos
728 1548 786 1645 jus
799 1567 901 1622 tuum
913 1572 979 1620 vo·

17 1692 19 1697 -
98 1666 174 1736 oar,
184 1643 303 1719 iisdem
316 1643 501 1719 seminibus
517 1663 634 1729 ortos,
658 1644 781 1718 eodem
791 1645 862 1718 lmi
873 1645 980 1730 caelo,

103 1739 207 1840 aeque
221 1742 373 1847 uivere,
405 1738 512 1838 aeque'·
524 1741 639 1840 mori?
658 1740 764 1816 Servi
781 1739 884 1834 sunt,
907 1741 980 1814 imo

101 1839 275 1935 conserui.
324 1838 460 1916 Similes
470 1858 668 1937 conceptus
688 1836 848 1936 expresslt
870 1833 983 1911 Sanec'a

102 1935 185 2033 epsso
196 1956 261 2034 47.
285 1935 458 2010 Libenter
472 1961 517 2009 ex
535 1936 607 2026 his,
633 1935 694 2033 qui
708 1937 756 2009 ad‘
769 1954 805 2010 te
823 1938 983 2022 veniunt,

105 2033 281 2130 cognovi,
301 2033 511 2106 familiariter
520 2052 554 2105 te
564 2055 645 2106 cum
657 2031 761 2108 servis
770 2033 839 2109 tuis
848 2037 982 2111 viverea

107 2129 195 2204 Hoc
204 2128 424 2229 prudentiam
435 2129 625 2215 tuam,lroc
633 2130 864 2206 eruditionem
873 2134 985 2217 decet,

107 2224 197 2302 servi
216 2226 321 2302 sunt?
347 2224 420 2300 imo
434 2226 604 2299 homines.
656 2229 753 2303 Servi
777 2228 883 2305 sunt?
909 2224 984 2304 imo

108 2324 388 2400 contubernales.
412 2324 509 2400 Servi
522 2322 624 2398 sunt?
647 2324 719 2397 imo
730 2326 881 2402 humiles
898 2328 986 2402 ami·

104 2423 156 2496 ei.
168 2423 279 2498 Servi
299 2421 403 2497 sunti
427 2418 501 2495 imo
516 2419 680 2496 conservi.
708 2424 757 2498 Et
769 2423 877 2521 paulo
893 2424 986 2524 post3

109 2518 239 2594 Viam
254 2521 408 2620 cogitare
429 2517 530 2590 istum
543 2568 557 2612 5
572 2543 678 2616 quem
696 2520 833 2596 servum
854 2541 987 2618 vocas,

58 2649 67 2657 ·
106 2638 157 2688 ex
174 2615 292 2690 iisdem
310 2614 497 2702 seminibus
512 2634 630 2689 ortum
648 2675 659 2709 ,
683 2617 808 2693 eodem
827 2618 899 2695 frui
918 2646 988 2698 cae·

110 2711 171 2796 lo,
197 2734 296 2810 aeque
317 2713 440 2812 spirare
450 2759 467 2804 ‚-
481 2737 582 2810 aequo
601 2713 743 2807 vivere,
764 2738 868 2815 aeque
885 2722 990 2796 mori.

110 2830 113 2835 ’
161 2808 228 2881 Ill.
254 2810 339 2884 Hoc
354 2808 606 2884 confiderantes
618 2814 768 2916 eAEgyptii
782 2812 896 2911 legem
906 2825 990 2917 prox

55 2993 58 2997 .
106 2907 318 3003 'mulgarunt
335 2907 445 2993 hanc,
465 2907 549 2980 teste
565 2908 701 2978 Diodoro
721 2915 821 2981 Sirulo
839 2911 897 2985 lib.
912 2939 942 2987 r.
960 2941 991 2991 e.

77 3074 80 3081 ,
114 3023 209 3077 nvn.
233 3002 307 3101 Qui
325 3003 804 3102 sponteliberumhominem
815 3013 991 3090 autetiam

111 3097 252 3191 latrum
264 3102 410 3178 necaller
421 3117 442 3197 ',-
455 3102 492 3178 ei
508 3102 609 3203 leger
618 3103 711 3203 apud
729 3105 993 3210 AEgyptios-ca-

176 3274 181 3283 ,
216 3264 220 3273 .
364 3250 381 3259 -·
426 3246 433 3257 ·
711 3274 717 3287 ,
908 3228 999 3309 prtia·
